#@BOOK{Dem10,
	AUTHOR = {Demtröder, W.},
	YEAR = {2010},
	TITLE = {Experimentalphysik 4 - Kern-, Teilchen- Und Astrophysik},
	EDITION = {3. Auflage},
	ISBN = {978-3-642-01598-4},
	PUBLISHER = {Springer DE},
	ADDRESS = {Berlin}
}

@BOOK{Tip,
	AUTHOR = {Paul A. Tipler and Gene Mosca},
	YEAR = {2009},
	TITLE = {Physik: für Wissenschaftler und Ingenieure},
	EDITION = {6.},
	ISBN = {978-3827419453},
	PUBLISHER = {Springer DE},
	ADDRESS = {Berlin}
}

@BOOK{Vor,
	AUTHOR = {KIT, Fakultät für Physik},
	YEAR = {Juli 2013},
	TITLE = {Vorbereitungshilfe zu Polarisation und Doppelbrechung},
#	EDITION = {3. Auflage},
#	ISBN = {978-3-642-01598-4},
#	PUBLISHER = {Springer DE},
	ADDRESS = {Karlsruhe}
}

@BOOK{Ley,
	AUTHOR = {Leybold Didactic},
	YEAR = {},
	TITLE = {LEYBOLD Handblätter Physik Atom- und Kernphysik, Atomhülle, Franck-Hertz-Versuch},
#	EDITION = {3. Auflage},
#	ISBN = {978-3-642-01598-4},
	PUBLISHER = {LEYBOLD DIDACTIC GMBH},
	ADDRESS = {Hürth}
}

#@misc{phototrans,
    author = "{Verschiedene Autoren}",
    publisher = "Wikipedia",
    title = "Fototransistor",
    month = "Mai",
    year = "2017",
    url = "https://de.wikipedia.org/wiki/Fototransistor",
    }
