#@BOOK{Dem10,
	AUTHOR = {Demtröder, W.},
	YEAR = {2010},
	TITLE = {Experimentalphysik 4 - Kern-, Teilchen- Und Astrophysik},
	EDITION = {3. Auflage},
	ISBN = {978-3-642-01598-4},
	PUBLISHER = {Springer DE},
	ADDRESS = {Berlin}
}

@BOOK{Tip,
	AUTHOR = {Paul A. Tipler and Gene Mosca},
	YEAR = {2009},
	TITLE = {Physik: für Wissenschaftler und Ingenieure},
	EDITION = {6.},
	ISBN = {978-3827419453},
	PUBLISHER = {Springer DE},
	ADDRESS = {Berlin}
}

@BOOK{Vor,
	AUTHOR = {KIT, Fakultät für Physik},
	YEAR = {Juli 2013},
	TITLE = {Vorbereitungshilfe zu Polarisation und Doppelbrechung},
#	EDITION = {3. Auflage},
#	ISBN = {978-3-642-01598-4},
#	PUBLISHER = {Springer DE},
	ADDRESS = {Karlsruhe}
}

@BOOK{Ley,
	AUTHOR = {Leybold Didactic},
	YEAR = {},
	TITLE = {LEYBOLD Handblätter Physik Atom- und Kernphysik, Atomhülle, Franck-Hertz-Versuch},
#	EDITION = {3. Auflage},
#	ISBN = {978-3-642-01598-4},
	PUBLISHER = {LEYBOLD DIDACTIC GMBH},
	ADDRESS = {Hürth}
}

@BOOK{skript,
	AUTHOR = {T. Forbriger and J. Altmann and E. Gottschämmer and S. Heider and U. Kästner and A. Kurzmann and M. Mayer and A. Reiß and K. Seitz and N. Thiel and B. Wawerzinek and M. Westerhaus and R. Widmer and W. Zürn},
	YEAR = {2018},
	TITLE = {Skriptum zu den Geophysikalischen Geländeübungen 2018},
#	EDITION = {},
#	ISBN = {978-3827419453},
	PUBLISHER = {Geophysikalisches Institut des Karlsruher Institut für Technologie (KIT)},
	ADDRESS = {Karlsruhe}
}

#@misc{phototrans,
    author = "{Verschiedene Autoren}",
    publisher = "Wikipedia",
    title = "Fototransistor",
    month = "Mai",
    year = "2017",
    url = "https://de.wikipedia.org/wiki/Fototransistor",
    }
